%YAML 1.1
%TAG !u! tag:unity3d.com,2011:
--- !u!1 &1499425712319615738
GameObject:
  m_ObjectHideFlags: 0
  m_CorrespondingSourceObject: {fileID: 0}
  m_PrefabInstance: {fileID: 0}
  m_PrefabAsset: {fileID: 0}
  serializedVersion: 6
  m_Component:
  - component: {fileID: 3949902549161084260}
  m_Layer: 0
  m_Name: DoggoBigTail
  m_TagString: Untagged
  m_Icon: {fileID: 0}
  m_NavMeshLayer: 0
  m_StaticEditorFlags: 0
  m_IsActive: 1
--- !u!4 &3949902549161084260
Transform:
  m_ObjectHideFlags: 0
  m_CorrespondingSourceObject: {fileID: 0}
  m_PrefabInstance: {fileID: 0}
  m_PrefabAsset: {fileID: 0}
  m_GameObject: {fileID: 1499425712319615738}
  m_LocalRotation: {x: 0, y: 0, z: 0, w: 1}
  m_LocalPosition: {x: 0, y: 0, z: 0}
  m_LocalScale: {x: 1, y: 1, z: 1}
  m_Children:
  - {fileID: 2335321857007503200}
  - {fileID: 2751201690955470020}
  m_Father: {fileID: 0}
  m_RootOrder: 0
  m_LocalEulerAnglesHint: {x: 0, y: 0, z: 0}
--- !u!95 &3160416844561824993
Animator:
  serializedVersion: 3
  m_ObjectHideFlags: 0
  m_CorrespondingSourceObject: {fileID: 0}
  m_PrefabInstance: {fileID: 0}
  m_PrefabAsset: {fileID: 0}
  m_GameObject: {fileID: 3108445229323328986}
  m_Enabled: 1
  m_Avatar: {fileID: 0}
  m_Controller: {fileID: 9100000, guid: d6a725420dc886f49a2e4c4770b1ff27, type: 2}
  m_CullingMode: 0
  m_UpdateMode: 0
  m_ApplyRootMotion: 0
  m_LinearVelocityBlending: 0
  m_WarningMessage: 
  m_HasTransformHierarchy: 1
  m_AllowConstantClipSamplingOptimization: 1
  m_KeepAnimatorControllerStateOnDisable: 0
--- !u!1 &9056495232269944837
GameObject:
  m_ObjectHideFlags: 0
  m_CorrespondingSourceObject: {fileID: 0}
  m_PrefabInstance: {fileID: 0}
  m_PrefabAsset: {fileID: 0}
  serializedVersion: 6
  m_Component:
  - component: {fileID: 2751201690955470020}
  m_Layer: 0
  m_Name: EnemySpawnPoint
  m_TagString: Untagged
  m_Icon: {fileID: 4422084297763085224, guid: 0000000000000000d000000000000000, type: 0}
  m_NavMeshLayer: 0
  m_StaticEditorFlags: 0
  m_IsActive: 1
--- !u!4 &2751201690955470020
Transform:
  m_ObjectHideFlags: 0
  m_CorrespondingSourceObject: {fileID: 0}
  m_PrefabInstance: {fileID: 0}
  m_PrefabAsset: {fileID: 0}
  m_GameObject: {fileID: 9056495232269944837}
  m_LocalRotation: {x: -0, y: -0, z: -0, w: 1}
  m_LocalPosition: {x: 0.27, y: 10.53, z: 37.49}
  m_LocalScale: {x: 0.30175123, y: 0.30175123, z: 0.30175123}
  m_Children: []
  m_Father: {fileID: 3949902549161084260}
  m_RootOrder: 1
  m_LocalEulerAnglesHint: {x: 0, y: 0, z: 0}
--- !u!1001 &3160416844561824999
PrefabInstance:
  m_ObjectHideFlags: 0
  serializedVersion: 2
  m_Modification:
    m_TransformParent: {fileID: 3949902549161084260}
    m_Modifications:
    - target: {fileID: 71886171757060413, guid: 01a9855d757817546a1814fe46c5d6cd, type: 3}
      propertyPath: m_Name
      value: Doggo_tail_Big
      objectReference: {fileID: 0}
    - target: {fileID: 843497746440125319, guid: 01a9855d757817546a1814fe46c5d6cd, type: 3}
      propertyPath: m_RootOrder
      value: 0
      objectReference: {fileID: 0}
    - target: {fileID: 843497746440125319, guid: 01a9855d757817546a1814fe46c5d6cd, type: 3}
      propertyPath: m_LocalScale.x
      value: 800
      objectReference: {fileID: 0}
    - target: {fileID: 843497746440125319, guid: 01a9855d757817546a1814fe46c5d6cd, type: 3}
      propertyPath: m_LocalScale.y
      value: 800
      objectReference: {fileID: 0}
    - target: {fileID: 843497746440125319, guid: 01a9855d757817546a1814fe46c5d6cd, type: 3}
      propertyPath: m_LocalScale.z
      value: 800
      objectReference: {fileID: 0}
    - target: {fileID: 843497746440125319, guid: 01a9855d757817546a1814fe46c5d6cd, type: 3}
      propertyPath: m_LocalPosition.x
      value: 0
      objectReference: {fileID: 0}
    - target: {fileID: 843497746440125319, guid: 01a9855d757817546a1814fe46c5d6cd, type: 3}
      propertyPath: m_LocalPosition.y
      value: 0
      objectReference: {fileID: 0}
    - target: {fileID: 843497746440125319, guid: 01a9855d757817546a1814fe46c5d6cd, type: 3}
      propertyPath: m_LocalPosition.z
      value: 0
      objectReference: {fileID: 0}
    - target: {fileID: 843497746440125319, guid: 01a9855d757817546a1814fe46c5d6cd, type: 3}
      propertyPath: m_LocalRotation.w
      value: 1
      objectReference: {fileID: 0}
    - target: {fileID: 843497746440125319, guid: 01a9855d757817546a1814fe46c5d6cd, type: 3}
      propertyPath: m_LocalRotation.x
      value: 0
      objectReference: {fileID: 0}
    - target: {fileID: 843497746440125319, guid: 01a9855d757817546a1814fe46c5d6cd, type: 3}
      propertyPath: m_LocalRotation.y
      value: 0
      objectReference: {fileID: 0}
    - target: {fileID: 843497746440125319, guid: 01a9855d757817546a1814fe46c5d6cd, type: 3}
      propertyPath: m_LocalRotation.z
      value: 0
      objectReference: {fileID: 0}
    - target: {fileID: 843497746440125319, guid: 01a9855d757817546a1814fe46c5d6cd, type: 3}
      propertyPath: m_LocalEulerAnglesHint.x
      value: 0
      objectReference: {fileID: 0}
    - target: {fileID: 843497746440125319, guid: 01a9855d757817546a1814fe46c5d6cd, type: 3}
      propertyPath: m_LocalEulerAnglesHint.y
      value: 0
      objectReference: {fileID: 0}
    - target: {fileID: 843497746440125319, guid: 01a9855d757817546a1814fe46c5d6cd, type: 3}
      propertyPath: m_LocalEulerAnglesHint.z
      value: 0
      objectReference: {fileID: 0}
    m_RemovedComponents: []
  m_SourcePrefab: {fileID: 100100000, guid: 01a9855d757817546a1814fe46c5d6cd, type: 3}
--- !u!1 &3108445229323328986 stripped
GameObject:
  m_CorrespondingSourceObject: {fileID: 71886171757060413, guid: 01a9855d757817546a1814fe46c5d6cd, type: 3}
  m_PrefabInstance: {fileID: 3160416844561824999}
  m_PrefabAsset: {fileID: 0}
--- !u!4 &2335321857007503200 stripped
Transform:
  m_CorrespondingSourceObject: {fileID: 843497746440125319, guid: 01a9855d757817546a1814fe46c5d6cd, type: 3}
  m_PrefabInstance: {fileID: 3160416844561824999}
  m_PrefabAsset: {fileID: 0}
